<record><leader>00000cas a22000007a 4500</leader><controlfield tag="001">9612872</controlfield><controlfield tag="008">830616d19uu1uuunyuwr ne      0    0eng d</controlfield><datafield ind1=" " ind2=" " tag="010"><subfield code="a">sn 83030536 </subfield></datafield><datafield ind1=" " ind2=" " tag="040"><subfield code="a">NPU</subfield><subfield code="b">eng</subfield><subfield code="c">NPU</subfield><subfield code="d">DLC</subfield><subfield code="d">OCLCQ</subfield></datafield><datafield ind1=" " ind2=" " tag="042"><subfield code="a">msc</subfield></datafield><datafield ind1="0" ind2="0" tag="245"><subfield code="a">Greenwich Village Chelsea and Bryant all westside home news.</subfield></datafield><datafield ind1=" " ind2=" " tag="260"><subfield code="a">New York :</subfield><subfield code="b">Greenwich and Chelsea Home News Pub. Co.</subfield></datafield><datafield ind1=" " ind2=" " tag="310"><subfield code="a">Weekly</subfield></datafield><datafield ind1=" " ind2=" " tag="500"><subfield code="a">"A paper that is not a one-district publication, but devoted to the interests, development and future of the lower and upper Westside, embraced in the Greenwich and Chelsea Villages, Bryant, Dewitt Clinton, Roosevelt and Columbus."</subfield></datafield><datafield ind1=" " ind2=" " tag="500"><subfield code="a">Editor: Catherine R. Cunningham, 1923-</subfield></datafield><datafield ind1=" " ind2=" " tag="588"><subfield code="a">Description based on: Vol. 8, no. 216 (Nov. 24, 1923).</subfield></datafield><datafield ind1="1" ind2=" " tag="700"><subfield code="a">Cunningham, Catherine R.,</subfield><subfield code="c">ed.,</subfield><subfield code="d">1923-</subfield></datafield><datafield ind1=" " ind2=" " tag="752"><subfield code="a">United States</subfield><subfield code="b">New York</subfield><subfield code="c">New York</subfield><subfield code="d">New York.</subfield></datafield><datafield ind1="0" ind2="0" tag="780"><subfield code="t">Greenwhich Village and Chelsea home news</subfield><subfield code="g">1919-</subfield><subfield code="w">(DLC)sn 83030533</subfield></datafield><datafield ind1="1" ind2=" " tag="029"><subfield code="a">AU@</subfield><subfield code="b">000025825605</subfield></datafield></record>